@misc{noauthor_notitle_nodate
}

@misc{noauthor_knime_nodate,
	title = {{KNIME} {\textbar} {Open} for {Innovation}},
	url = {https://www.knime.com/},
	urldate = {2020-06-26},
	file = {KNIME | Open for Innovation:C\:\\Users\\Samuel Casal Cantero\\Zotero\\storage\\RSZLGKBP\\www.knime.com.html:text/html}
}

@misc{ wiki:scrm,
    author = "{Wikipedia contributors}",
    title = "Scrum (software development) --- {Wikipedia}{,} The Free Encyclopedia",
    year = "2020",
    howpublished = "\url{https://en.wikipedia.org/w/index.php?title=Scrum_(software_development)&oldid=943108748}",
    note = "[Online; accessed 10-March-2020]"
  }

