@misc{ wiki:scrm,
    author = "{Wikipedia contributors}",
    title = "Scrum (software development) --- {Wikipedia}{,} The Free Encyclopedia",
    year = "2020",
    howpublished = "\url{https://en.wikipedia.org/w/index.php?title=Scrum_(software_development)&oldid=943108748}",
    note = "[Online; accessed 10-March-2020]"
  }

@misc{ wiki:framework,
	author = "Wikipedia",
	title = "Licencia --- Wikipedia{,} The Free Encyclopedia",
	year = "2020",
	url = {https://es.wikipedia.org/wiki/Framework},
	note = "[]"
}

@misc{ foro:encuesta,
	author = "Wikipedia",
	title = "Licencia --- Wikipedia{,} The Free Encyclopedia",
	year = "2020",
	url = {https://www.forocoches.com/foro/showthread.php?t=7255092&highlight=flutter},
	note = "[]"
}

@misc{ wiki:ionnic,
	author = "Forocoches",
	title = "Desarrollo apps moviles",
	year = "2020",
	url = {https://en.wikipedia.org/wiki/Ionic_(mobile_app_framework)},
	note = "[]"
}

@misc{ wiki:react,
author = "Forocoches",
title = "Desarrollo apps moviles",
year = "2020",
url = {https://en.wikipedia.org/wiki/Ionic_(mobile_app_framework)},
note = "[]"
}

https://en.wikipedia.org/wiki/React_Native